<record><leader>00000cas a22000007a 4500</leader><controlfield tag="001">12646836</controlfield><controlfield tag="008">851008d18531861wvuwr ne      0    0eng d</controlfield><datafield ind1=" " ind2=" " tag="010"><subfield code="a">sn 85059511 </subfield></datafield><datafield ind1=" " ind2=" " tag="040"><subfield code="a">WVC</subfield><subfield code="b">eng</subfield><subfield code="c">WVC</subfield><subfield code="d">DLC</subfield><subfield code="d">OCL</subfield><subfield code="d">OCLCQ</subfield></datafield><datafield ind1=" " ind2=" " tag="042"><subfield code="a">msc</subfield></datafield><datafield ind1="0" ind2=" " tag="130"><subfield code="a">Enterprise (Berkeley Springs, Va.)</subfield></datafield><datafield ind1="1" ind2="4" tag="245"><subfield code="a">The Enterprise.</subfield></datafield><datafield ind1=" " ind2=" " tag="260"><subfield code="a">Bath, Va. [Berkeley Springs, W. Va.] :</subfield><subfield code="b">E.G. Day &amp; Son</subfield></datafield><datafield ind1=" " ind2=" " tag="300"><subfield code="a">v.</subfield></datafield><datafield ind1=" " ind2=" " tag="310"><subfield code="a">Weekly</subfield></datafield><datafield ind1="1" ind2=" " tag="362"><subfield code="a">Began in Aug. 1853.</subfield><subfield code="z">Cf. Norona and Shetler. W. Va. Imprints.</subfield></datafield><datafield ind1="1" ind2=" " tag="362"><subfield code="a">Ceased in 1861.</subfield><subfield code="z">Cf. Donovan Bond, Manuscript notes on W. Va. newspaper publishing history.</subfield></datafield><datafield ind1=" " ind2=" " tag="500"><subfield code="a">"American Party."</subfield></datafield><datafield ind1=" " ind2=" " tag="500"><subfield code="a">The town's legal name is Bath but it is commonly known as Berkeley Springs.</subfield></datafield><datafield ind1=" " ind2=" " tag="588"><subfield code="a">Description based on: Vol. 4, no. 17 (Apr. 30, 1857).</subfield></datafield><datafield ind1=" " ind2=" " tag="752"><subfield code="a">United States</subfield><subfield code="b">West Virginia</subfield><subfield code="c">Morgan</subfield><subfield code="d">Bath.</subfield></datafield><datafield ind1=" " ind2=" " tag="752"><subfield code="a">United States</subfield><subfield code="b">West Virginia</subfield><subfield code="c">Morgan</subfield><subfield code="d">Berkeley Springs.</subfield></datafield></record>